<?xml version="1.0" encoding="UTF-8"?>
<Document xmlns="urn:iso:std:iso:20022:tech:xsd:pain.008.001.02" xmlns:xsi="http://www.w3.org/2001/XMLSchema-instance">
 <CstmrDrctDbtInitn>
 <GrpHdr>
 <CreDtTm>2013-10-01T09:30:48</CreDtTm>
 <NbOfTxs>4</NbOfTxs>
 <CtrlSum>400.4</CtrlSum>
 <InitgPty>
 <Id>
 <PrvtId>
 <Othr>
 <Id>IE97ZZZ123456</Id>
</Othr>
 </PrvtId>
 </Id>
 </InitgPty>
 </GrpHdr>
 <PmtInf>
 <PmtInfId>PMTINFID1</PmtInfId>
 <PmtMtd>DD</PmtMtd>
 <NbOfTxs>2</NbOfTxs>
 <CtrlSum>200.2</CtrlSum>
 <PmtTpInf>
 <SvcLvl>
 <Cd>SEPA</Cd>
 </SvcLvl>
 <LclInstrm>
 <Cd>CORE</Cd>
 </LclInstrm>
 <SeqTp>FRST</SeqTp>
 </PmtTpInf>
 <ReqdColltnDt>2013-10-09</ReqdColltnDt>
 <Cdtr>
 <Nm>CREDITOR</Nm>
 </Cdtr>
 <CdtrAcct>
 <Id>
 <IBAN>IE98BOFI90393912345678</IBAN>
 </Id>
 </CdtrAcct>
 <CdtrAgt>
 	<FinInstnId>
 <BIC>BOFIIE2D</BIC>
 </FinInstnId>
 </CdtrAgt>
 <CdtrSchmeId>
 <Id>
 <PrvtId>
 <Othr>
 <Id>IE97ZZZ123456</Id>
<SchmeNm>
 <Prtry>SEPA</Prtry>
 </SchmeNm>
 </Othr>
 </PrvtId>
 </Id>
 </CdtrSchmeId>
 <DrctDbtTxInf>
 <PmtId>
 <EndToEndId>E2EID1</EndToEndId>
 </PmtId>
 <InstdAmt Ccy="EUR">100.1</InstdAmt>
 <DrctDbtTx>
 <MndtRltdInf>
 	<MndtId>MANDATEID1</MndtId>
<DtOfSgntr>2013-09-01</DtOfSgntr>
 </MndtRltdInf>
 </DrctDbtTx>
 <DbtrAgt>
 <FinInstnId>
 <BIC>BOFIIE2D</BIC>
 </FinInstnId>
 </DbtrAgt>
 <Dbtr>
 <Nm>DEBTOR1</Nm>
 </Dbtr>
 <DbtrAcct>
 <Id>
 <IBAN>IE98BOFI90393912121212</IBAN>
 </Id>
 </DbtrAcct>
 </DrctDbtTxInf>
 <DrctDbtTxInf>
 <PmtId>
 <EndToEndId>E2EID2</EndToEndId>
 </PmtId>
 <InstdAmt Ccy="EUR">100.1</InstdAmt>
 <DrctDbtTx>
 <MndtRltdInf>
 <MndtId>MANDATEID2</MndtId>
<DtOfSgntr>2013-09-01</DtOfSgntr>
<AmdmntInd>true</AmdmntInd>
<AmdmntInfDtls>
 <OrgnlDbtrAgt>
 <FinInstnId>
 <Othr>
 <Id>SMNDA</Id>
 </Othr>
 </FinInstnId>
 </OrgnlDbtrAgt>
 </AmdmntInfDtls>
 </MndtRltdInf>
 </DrctDbtTx>
 <DbtrAgt>
 <FinInstnId>
 <BIC>AIBKIE2D</BIC>
 </FinInstnId>
 </DbtrAgt>
 <Dbtr>
 <Nm>DEBTOR2</Nm>
 </Dbtr>
 <DbtrAcct>
 <Id>
 <IBAN>IE16AIBK93110187654321</IBAN>
 </Id>
 </DbtrAcct>
 </DrctDbtTxInf>
 </PmtInf>
 <PmtInf>
 <PmtInfId>PMTINFID2</PmtInfId>
 <PmtMtd>DD</PmtMtd>
 <NbOfTxs>2</NbOfTxs>
 <CtrlSum>200.2</CtrlSum>
 <PmtTpInf>
 <SvcLvl>
 <Cd>SEPA</Cd>
 </SvcLvl>
 <LclInstrm>
 <Cd>CORE</Cd>
 </LclInstrm>
 <SeqTp>RCUR</SeqTp>
 </PmtTpInf>
 <ReqdColltnDt>2013-10-04</ReqdColltnDt>
 <Cdtr>
 <Nm>CREDITOR</Nm>
 </Cdtr>
 <CdtrAcct>
 <Id>
 <IBAN>IE98BOFI90393987654321</IBAN>
 </Id>
 </CdtrAcct>
 <CdtrAgt>
 <FinInstnId>
 <BIC>BOFIIE2D</BIC>
 </FinInstnId>
 </CdtrAgt>
 <CdtrSchmeId>
 <Id>
 <PrvtId>
 <Othr>
 <Id>IE97ZZZ123456</Id>
<SchmeNm>
 <Prtry>SEPA</Prtry>
 </SchmeNm>
 </Othr>
 </PrvtId>
 </Id>
 </CdtrSchmeId>
 <DrctDbtTxInf>
 <PmtId>
 <EndToEndId>E2EID3</EndToEndId>
 </PmtId>
 <InstdAmt Ccy="EUR">100.1</InstdAmt>
 <DrctDbtTx>
 <MndtRltdInf>
 <MndtId>MANDATEID3</MndtId>
<DtOfSgntr>2013-09-01</DtOfSgntr>
 </MndtRltdInf>
 </DrctDbtTx>
 <DbtrAgt>
 <FinInstnId>
 <BIC>AIBKIE2D</BIC>
 </FinInstnId>
 </DbtrAgt>
 <Dbtr>
 <Nm>DEBTOR3</Nm>
 </Dbtr>
 <DbtrAcct>
 <Id>
 	<IBAN>IE16AIBK93110112345678</IBAN>
 </Id>
 </DbtrAcct>
 </DrctDbtTxInf>
 <DrctDbtTxInf>
 <PmtId>
 <EndToEndId>E2EID4</EndToEndId>
 </PmtId>
 <InstdAmt Ccy="EUR">100.1</InstdAmt>
 <DrctDbtTx>
 <MndtRltdInf>
 <MndtId>MANDATEID4</MndtId>
<DtOfSgntr>2013-09-01</DtOfSgntr>
<AmdmntInd>true</AmdmntInd>
<AmdmntInfDtls>
 <OrgnlDbtrAcct>
 <Id>
 <IBAN>IE98BOFI90393956785678</IBAN>
 </Id>
 </OrgnlDbtrAcct>
 </AmdmntInfDtls>
 </MndtRltdInf>
 </DrctDbtTx>
 <DbtrAgt>
 <FinInstnId>
 <BIC>BOFIIE2D</BIC>
 </FinInstnId>
 </DbtrAgt>
 <Dbtr>
 <Nm>DEBTOR4</Nm>
 </Dbtr>
 <DbtrAcct>
 <Id>
 <IBAN>IE98BOFI90393912341234</IBAN>
 </Id>
 </DbtrAcct>
 </DrctDbtTxInf>
 </PmtInf>
 </CstmrDrctDbtInitn>
 </Document>
