<?xml version="1.0" encoding="UTF-8"?>
<!-- Generated by Mobilefish.com SEPA XML message generator (v1.1):  http://www.mobilefish.com/go/sepa_xml -->
<Document xmlns:xsi="http://www.w3.org/2001/XMLSchema-instance" xmlns="urn:iso:std:iso:20022:tech:xsd:pain.008.001.02">
<CstmrDrctDbtInitn>
    <GrpHdr>
        <MsgId>MFISH-20131021195435-wzkR23K</MsgId>
        <CreDtTm>2013-10-21T19:54:35</CreDtTm>
        <NbOfTxs>5</NbOfTxs>
        <CtrlSum>2721.41</CtrlSum>
        <InitgPty>
            <Nm>Mobilefish.com</Nm>
        </InitgPty>
    </GrpHdr>
    <PmtInf>
        <PmtInfId>MFISH-20131021195435-wzkR23K-1</PmtInfId>
        <PmtMtd>DD</PmtMtd>
        <NbOfTxs>5</NbOfTxs>
        <CtrlSum>2721.41</CtrlSum>
        <PmtTpInf>
            <SvcLvl>
                <Cd>SEPA</Cd>
            </SvcLvl>
            <LclInstrm>
                <Cd>CORE</Cd>
            </LclInstrm>
            <SeqTp>FRST</SeqTp>
        </PmtTpInf>
        <ReqdColltnDt>2013-10-21</ReqdColltnDt>
        <Cdtr>
            <Nm>Mobilefish.com</Nm>
            <PstlAdr>
                <Ctry>NL</Ctry>
            </PstlAdr>
        </Cdtr>
        <CdtrAcct>
            <Id>
                <IBAN>NL71RABO0300300301</IBAN>
            </Id>
        </CdtrAcct>
        <CdtrAgt>
            <FinInstnId>
                <BIC>RABONL2U</BIC>
            </FinInstnId>
        </CdtrAgt>
        <UltmtCdtr>
            <Nm>Mobilefish.com Parent</Nm>
        </UltmtCdtr>
        <ChrgBr>SLEV</ChrgBr>
        <CdtrSchmeId>
            <Id>
                <PrvtId>
                    <Othr>
                        <Id>NL64ZZZ321096320000</Id>
                        <SchmeNm>
                            <Prtry>SEPA</Prtry>
                        </SchmeNm>
                    </Othr>
                </PrvtId>
            </Id>
        </CdtrSchmeId>
        <DrctDbtTxInf>
            <PmtId>
                <EndToEndId>MFISH-20131021195435-wzkR23K-1-0001</EndToEndId>
            </PmtId>
            <InstdAmt Ccy="EUR">5.00</InstdAmt>
            <DrctDbtTx>
                <MndtRltdInf>
                    <MndtId>NL17ZZZ412004150001</MndtId>
                    <DtOfSgntr>2012-10-28</DtOfSgntr>
                    <AmdmntInd>false</AmdmntInd>
                </MndtRltdInf>
            </DrctDbtTx>
            <DbtrAgt>
                <FinInstnId>
                    <BIC>INGBNL2A</BIC>
                </FinInstnId>
            </DbtrAgt>
            <Dbtr>
                <Nm>Greenpeace</Nm>
                <PstlAdr>
                    <Ctry>NL</Ctry>
                    <AdrLine>Jollemanhof 15-17</AdrLine>
                    <AdrLine>1019 GW Amsterdam</AdrLine>
                </PstlAdr>
            </Dbtr>
            <DbtrAcct>
                <Id>
                    <IBAN>NL31INGB0000000044</IBAN>
                </Id>
            </DbtrAcct>
            <UltmtDbtr>
                <Nm>Greenpeace</Nm>
            </UltmtDbtr>
            <RmtInf>
                <Ustrd>Donation Greenpeace</Ustrd>
            </RmtInf>
        </DrctDbtTxInf>
        <DrctDbtTxInf>
            <PmtId>
                <EndToEndId>MFISH-20131021195435-wzkR23K-1-0002</EndToEndId>
            </PmtId>
            <InstdAmt Ccy="EUR">135.20</InstdAmt>
            <DrctDbtTx>
                <MndtRltdInf>
                    <MndtId>NL83ZZZ280672590001</MndtId>
                    <DtOfSgntr>2012-12-01</DtOfSgntr>
                    <AmdmntInd>false</AmdmntInd>
                </MndtRltdInf>
            </DrctDbtTx>
            <DbtrAgt>
                <FinInstnId>
                    <BIC>ABNANL2A</BIC>
                </FinInstnId>
            </DbtrAgt>
            <Dbtr>
                <Nm>Bakkerij Top</Nm>
                <PstlAdr>
                    <Ctry>NL</Ctry>
                    <AdrLine>Zuiddijk 17</AdrLine>
                    <AdrLine>1501 CA Zaandam</AdrLine>
                </PstlAdr>
            </Dbtr>
            <DbtrAcct>
                <Id>
                    <IBAN>NL91ABNA0417164300</IBAN>
                </Id>
            </DbtrAcct>
            <UltmtDbtr>
                <Nm>Bakkerij Top</Nm>
            </UltmtDbtr>
            <RmtInf>
                <Ustrd>Jubilee Klaasen</Ustrd>
            </RmtInf>
        </DrctDbtTxInf>
        <DrctDbtTxInf>
            <PmtId>
                <EndToEndId>MFISH-20131021195435-wzkR23K-1-0003</EndToEndId>
            </PmtId>
            <InstdAmt Ccy="EUR">10.00</InstdAmt>
            <DrctDbtTx>
                <MndtRltdInf>
                    <MndtId>NL45ZZZ501692700001</MndtId>
                    <DtOfSgntr>2013-01-05</DtOfSgntr>
                    <AmdmntInd>false</AmdmntInd>
                </MndtRltdInf>
            </DrctDbtTx>
            <DbtrAgt>
                <FinInstnId>
                    <BIC>INGBNL2A</BIC>
                </FinInstnId>
            </DbtrAgt>
            <Dbtr>
                <Nm>Het Zadeltje</Nm>
                <PstlAdr>
                    <Ctry>NL</Ctry>
                    <AdrLine>Nieuwe Uilenburgerstraat 114</AdrLine>
                    <AdrLine>1011 LX Amsterdam</AdrLine>
                </PstlAdr>
            </Dbtr>
            <DbtrAcct>
                <Id>
                    <IBAN>NL92INGB0000230000</IBAN>
                </Id>
            </DbtrAcct>
            <UltmtDbtr>
                <Nm>Het Zadeltje</Nm>
            </UltmtDbtr>
            <RmtInf>
                <Ustrd>Bicycle repair</Ustrd>
            </RmtInf>
        </DrctDbtTxInf>
        <DrctDbtTxInf>
            <PmtId>
                <EndToEndId>MFISH-20131021195435-wzkR23K-1-0004</EndToEndId>
            </PmtId>
            <InstdAmt Ccy="EUR">225.54</InstdAmt>
            <DrctDbtTx>
                <MndtRltdInf>
                    <MndtId>NL63ZZZ130416110001</MndtId>
                    <DtOfSgntr>2011-10-30</DtOfSgntr>
                    <AmdmntInd>false</AmdmntInd>
                </MndtRltdInf>
            </DrctDbtTx>
            <DbtrAgt>
                <FinInstnId>
                    <BIC>INGBNL2A</BIC>
                </FinInstnId>
            </DbtrAgt>
            <Dbtr>
                <Nm>Essent</Nm>
                <PstlAdr>
                    <Ctry>NL</Ctry>
                    <AdrLine>Papendorpseweg 91</AdrLine>
                    <AdrLine>3528 BJ Utrecht</AdrLine>
                </PstlAdr>
            </Dbtr>
            <DbtrAcct>
                <Id>
                    <IBAN>NL19INGB0002000400</IBAN>
                </Id>
            </DbtrAcct>
            <UltmtDbtr>
                <Nm>RWE AG</Nm>
            </UltmtDbtr>
            <RmtInf>
                <Ustrd>1111222233334444 Gas may</Ustrd>
            </RmtInf>
        </DrctDbtTxInf>
        <DrctDbtTxInf>
            <PmtId>
                <EndToEndId>MFISH-20131021195435-wzkR23K-1-0005</EndToEndId>
            </PmtId>
            <InstdAmt Ccy="EUR">2345.67</InstdAmt>
            <DrctDbtTx>
                <MndtRltdInf>
                    <MndtId>NL66ZZZ340941940001</MndtId>
                    <DtOfSgntr>2012-11-11</DtOfSgntr>
                    <AmdmntInd>false</AmdmntInd>
                </MndtRltdInf>
            </DrctDbtTx>
            <DbtrAgt>
                <FinInstnId>
                    <BIC>RABONL2U</BIC>
                </FinInstnId>
            </DbtrAgt>
            <Dbtr>
                <Nm>T. Klaasen</Nm>
                <PstlAdr>
                    <Ctry>NL</Ctry>
                    <AdrLine>Zandzuigerstraat 53</AdrLine>
                    <AdrLine>1333 MV Almere</AdrLine>
                </PstlAdr>
            </Dbtr>
            <DbtrAcct>
                <Id>
                    <IBAN>NL57RABO0115592474</IBAN>
                </Id>
            </DbtrAcct>
            <UltmtDbtr>
                <Nm>T. Klaasen</Nm>
            </UltmtDbtr>
            <RmtInf>
                <Ustrd>Salary payment may</Ustrd>
            </RmtInf>
        </DrctDbtTxInf>
    </PmtInf>
</CstmrDrctDbtInitn>
</Document>
