<?xml version="1.0" encoding="utf-8"?><Document xmlns="urn:iso:std:iso:20022:tech:xsd:pain.008.001.02"><CstmrDrctDbtInitn><GrpHdr><MsgId>FSDDPRE2019042709034632626B12345678</MsgId><CreDtTm>2019-04-27T09:03:46</CreDtTm><NbOfTxs>2</NbOfTxs><CtrlSum>370.35</CtrlSum><InitgPty><Nm>NOMBRE DEL PRESENTADOR, S.L.</Nm><Id><OrgId><Othr><Id>ES97000B12345678</Id><SchmeNm><Prtry>SEPA</Prtry></SchmeNm></Othr></OrgId></Id></InitgPty></GrpHdr><PmtInf><PmtInfId>ES5800012345678Z-201904270903460001</PmtInfId><PmtMtd>DD</PmtMtd><BtchBookg>true</BtchBookg><NbOfTxs>1</NbOfTxs><CtrlSum>123.45</CtrlSum><PmtTpInf><SvcLvl><Cd>SEPA</Cd></SvcLvl><LclInstrm><Cd>COR1</Cd></LclInstrm><SeqTp>RCUR</SeqTp></PmtTpInf><ReqdColltnDt>2014-03-03</ReqdColltnDt><Cdtr><Nm>NOMBRE DEL ACREEDOR, S.L.</Nm><PstlAdr><Ctry>ES</Ctry><AdrLine>Direcci?n del acreedor</AdrLine><AdrLine>Poblaci?n del acreedor</AdrLine></PstlAdr></Cdtr><CdtrAcct><Id><IBAN>ES0321001234561234567890</IBAN></Id></CdtrAcct><CdtrAgt><FinInstnId><BIC>NOTPROVIDED</BIC></FinInstnId></CdtrAgt><ChrgBr>SLEV</ChrgBr><CdtrSchmeId><Id><PrvtId><Othr><Id>ES39000B87654321</Id><SchmeNm><Prtry>SEPA</Prtry></SchmeNm></Othr></PrvtId></Id></CdtrSchmeId><DrctDbtTxInf><PmtId><InstrId>20190427090346-00000000000000000001</InstrId><EndToEndId>20190427-09034600000000000000000001</EndToEndId></PmtId><InstdAmt Ccy="EUR">123.45</InstdAmt><DrctDbtTx><MndtRltdInf><MndtId>497fa7765d5b6fdd763befabe74006b0</MndtId><DtOfSgntr>2009-10-31</DtOfSgntr><AmdmntInd>false</AmdmntInd></MndtRltdInf></DrctDbtTx><DbtrAgt><FinInstnId><Othr><Id>NOTPROVIDED</Id></Othr></FinInstnId></DbtrAgt><Dbtr><Nm>NOMBRE DEL DEUDOR0001</Nm><PstlAdr><Ctry>ES</Ctry><AdrLine>Direcci?n del deudor0001</AdrLine><AdrLine>Poblaci?n del deudor0001</AdrLine></PstlAdr></Dbtr><DbtrAcct><Id><IBAN>ES0321001234561234567890</IBAN></Id></DbtrAcct><RmtInf><Ustrd>FACTURA 001</Ustrd></RmtInf></DrctDbtTxInf></PmtInf><PmtInf><PmtInfId>ES5800012345678Z-201904270903460002</PmtInfId><PmtMtd>DD</PmtMtd><BtchBookg>true</BtchBookg><NbOfTxs>1</NbOfTxs><CtrlSum>246.90</CtrlSum><PmtTpInf><SvcLvl><Cd>SEPA</Cd></SvcLvl><LclInstrm><Cd>COR1</Cd></LclInstrm><SeqTp>RCUR</SeqTp></PmtTpInf><ReqdColltnDt>2014-03-13</ReqdColltnDt><Cdtr><Nm>NOMBRE DEL ACREEDOR, S.L.</Nm><PstlAdr><Ctry>ES</Ctry><AdrLine>Direcci?n del acreedor</AdrLine><AdrLine>Poblaci?n del acreedor</AdrLine></PstlAdr></Cdtr><CdtrAcct><Id><IBAN>ES0321001234561234567890</IBAN></Id></CdtrAcct><CdtrAgt><FinInstnId><BIC>NOTPROVIDED</BIC></FinInstnId></CdtrAgt><ChrgBr>SLEV</ChrgBr><CdtrSchmeId><Id><PrvtId><Othr><Id>ES39000B87654321</Id><SchmeNm><Prtry>SEPA</Prtry></SchmeNm></Othr></PrvtId></Id></CdtrSchmeId><DrctDbtTxInf><PmtId><InstrId>20190427090346-00000000000000000002</InstrId><EndToEndId>20190427-09034600000000000000000002</EndToEndId></PmtId><InstdAmt Ccy="EUR">246.90</InstdAmt><DrctDbtTx><MndtRltdInf><MndtId>497fa7765d5b6fdd763befabe74006b0</MndtId><DtOfSgntr>2009-10-31</DtOfSgntr><AmdmntInd>false</AmdmntInd></MndtRltdInf></DrctDbtTx><DbtrAgt><FinInstnId><Othr><Id>NOTPROVIDED</Id></Othr></FinInstnId></DbtrAgt><Dbtr><Nm>NOMBRE DEL DEUDOR0002</Nm><PstlAdr><Ctry>ES</Ctry><AdrLine>Direcci?n del deudor0002</AdrLine><AdrLine>Poblaci?n del deudor0002</AdrLine></PstlAdr></Dbtr><DbtrAcct><Id><IBAN>ES0321001234561234567890</IBAN></Id></DbtrAcct><RmtInf><Ustrd>FACTURA 002</Ustrd></RmtInf></DrctDbtTxInf></PmtInf></CstmrDrctDbtInitn></Document>
