01ORD34145001B123456780002013120320131206AES0321001234561234567890          1NOMBRE DEL ORDENANTE, S.L.                                            CALLE DEL ORDENANTE, 1234                         1234 CIUDAD DEL ORDENANTE                         PROVINCIA DEL ORDENANTE                 ES                                                                                                                                                                                                                                                                                                                       
02SCT34145B12345678000                                                                                                                                                                                                                                                                                                                                                                                                                                                                                                                                                                                                  
03SCT34145002NOMINA112013                       AES0321001234561234567890          000000156253CAIXESBBXXXNOMBRE DEL BENEFICIARIO, S.L.                                         CALLE DEL BENEFICIARIO, 1234                      1234 CIUDAD DEL BENEFICIARIO                      PROVINCIA DEL BENEFICIARIO              ESNOMINA MENSUAL                                                                                                                                                                 SALANETT                                                                                                   
04SCT00000000000015625000000010000000003                                                                                                                                                                                                                                                                                                                                                                                                                                                                                                                                                                                
99ORD00000000000015625000000010000000005                                                                                                                                                                                                                                                                                                                                                                                                                                                                                                                                                                                
