0119445001ES03000W9614457A                   NOMBRE DEL PRESENTADOR, S.L.                                          20131203PRE2013120311105840258REMESA000012300811234                                                                                                                                                                                                                                                                                                                                                                                                                                                  
0219445002ES08000E77846772                   20131220NOMBRE DEL ACREEDOR, S.L.                                             CALLE DEL ACREEDOR, 1234                          12345 CIUDAD DEL ACREEDOR                         PROVINCIA DEL ACREEDOR                  ESES7600811234461234567890                                                                                                                                                                                                                                                                                                                       
0319445003RECIBO002401                       2E5F9458BCD27E3C2B5908AF0B91551A   OOFF    0000001234520130520CAIXESBBXXXNOMBRE DEL DEUDOR, S.L.                                               CALLE DEL DEUDOR, 432                             65490 CIUDAD DEL DEUDOR                           PROVINCIA DEL DEUDOR                    ES 12345678Z                                                              B21001234561234567890                  CONCEPTO DEL ADEUDO FRA.1234                                                                                                                                   
04ES08000E77846772                   2013122000000000000012345000000010000000003                                                                                                                                                                                                                                                                                                                                                                                                                                                                                                                                        
05ES08000E77846772                   00000000000012345000000010000000004                                                                                                                                                                                                                                                                                                                                                                                                                                                                                                                                                
9900000000000012345000000010000000006                                                                                                                                                                                                                                                                                                                                                                                                                                                                                                                                                                                   
