0119143001ES03000W9614457A                   NOMBRE DEL PRESENTADOR, S.L.                                          20140107PRE2014010716330559585REMESA000012300811234                                                                                                                                                                                                                                                                                                                                                                                                                                                  
0219143002ES08000E77846772                   20140107NOMBRE DEL ACREEDOR #1, S.L.                                          CALLE DEL ACREEDOR #1, 1234                       12345 CIUDAD DEL ACREEDOR #1                      PROVINCIA DEL ACREEDOR #1               ESES7600811234461234567890                                                                                                                                                                                                                                                                                                                       
0319143003RECIBO002401                       8ba5d45e6b965111dd2f6ac0f224d6f1   OOFFSUPP0000001234520140107CAIXESBBXXXNOMBRE DEL DEUDOR, S.L.                                               CALLE DEL DEUDOR, 1234                            12345 CIUDAD DEL DEUDOR                           PROVINCIA DEL DEUDOR                    ESI12345678Z                                                              AES0321001234561234567890              CONCEPTO DEL ADEUDO FRA.1234                                                                                                                                   
0319143003RECIBO002401                       8ba5d45e6b965111dd2f6ac0f224d6f1   OOFFSUPP0000001234520140107CAIXESBBXXXNOMBRE DEL DEUDOR, S.L.                                               CALLE DEL DEUDOR, 1234                            12345 CIUDAD DEL DEUDOR                           PROVINCIA DEL DEUDOR                    ESI12345678Z                                                              AES0321001234561234567890              CONCEPTO DEL ADEUDO FRA.1234                                                                                                                                   
04ES08000E77846772                   2014010700000000000024690000000020000000004                                                                                                                                                                                                                                                                                                                                                                                                                                                                                                                                        
05ES08000E77846772                   00000000000024690000000020000000005                                                                                                                                                                                                                                                                                                                                                                                                                                                                                                                                                
0219143002ES08000E77846772                   20140107NOMBRE DEL ACREEDOR #2, S.L.                                          CALLE DEL ACREEDOR #2, 1234                       12345 CIUDAD DEL ACREEDOR #2                      PROVINCIA DEL ACREEDOR #2               ESES7600811234461234567890                                                                                                                                                                                                                                                                                                                       
0319143003RECIBO002401                       8ba5d45e6b965111dd2f6ac0f224d6f1   OOFFSUPP0000001234520140107CAIXESBBXXXNOMBRE DEL DEUDOR, S.L.                                               CALLE DEL DEUDOR, 1234                            12345 CIUDAD DEL DEUDOR                           PROVINCIA DEL DEUDOR                    ESI12345678Z                                                              AES0321001234561234567890              CONCEPTO DEL ADEUDO FRA.1234                                                                                                                                   
0319143003RECIBO002401                       8ba5d45e6b965111dd2f6ac0f224d6f1   OOFFSUPP0000001234520140107CAIXESBBXXXNOMBRE DEL DEUDOR, S.L.                                               CALLE DEL DEUDOR, 1234                            12345 CIUDAD DEL DEUDOR                           PROVINCIA DEL DEUDOR                    ESI12345678Z                                                              AES0321001234561234567890              CONCEPTO DEL ADEUDO FRA.1234                                                                                                                                   
04ES08000E77846772                   2014010700000000000024690000000020000000004                                                                                                                                                                                                                                                                                                                                                                                                                                                                                                                                        
05ES08000E77846772                   00000000000024690000000020000000005                                                                                                                                                                                                                                                                                                                                                                                                                                                                                                                                                
9900000000000049380000000040000000012                                                                                                                                                                                                                                                                                                                                                                                                                                                                                                                                                                                   
